
@misc{lidar,
	author = "{National Ocean Service}",
	title = {{What is lidar?}},
	howpublished = {\url{https://oceanservice.noaa.gov/facts/lidar.html}}
}

@misc{sophie,
	author = "{Thales Group}",
	title = {{SOPHIE Lite: light and easy}},
	howpublished = {\url{https://www.thalesgroup.com/en/worldwide/news/sophie-lite-light-and-easy}}
}

@misc{thales,
	author = "{Wikipedia}",
	title = {{Thales Group}},
	howpublished = {\url{https://en.wikipedia.org/wiki/Thales_Group}}
}

@misc{thalesUK,
	author = "{Thales Group}",
	title = {{Thales UK}},
	howpublished = {\url{https://www.thalesgroup.com/en/countries/europe/united-kingdom}}
}

@misc{gis,
	author = "{Esri}",
	title = {{What is Gis?}},
	howpublished = {\url{https://www.esri.com/en-us/what-is-gis/overview}}
}

@misc{cesium,
	author = "{CESIUM}",
	title = {{CesiumJS}},
	howpublished = {\url{https://cesium.com/platform/cesiumjs/}}
}

@misc{electron,
	author = "{ELECTRON}",
	title = {{ElectronJS}},
	howpublished = {\url{https://www.electronjs.org/}}
}

@misc{node,
	author = "{node}",
	title = {{About Node.js}},
	howpublished = {\url{https://nodejs.org/en/about/}}
}

@misc{ion,
	author = "{CESIUM}",
	title = {{Cesium ion SDK}},
	howpublished = {\url{https://cesium.com/platform/cesiumjs/ion-sdk/}}
}

@misc{arcgis,
	author = "{Esri UK}",
	title = {{ArcGIS Pro}},
	howpublished = {\url{https://www.esriuk.com/en-gb/arcgis/products/arcgis-pro/overview}}
}

@misc{esri,
	author = "{Esri}",
	title = {{About Esri}},
	howpublished = {\url{https://www.esri.com/en-us/about/about-esri/overview}}
}

@misc{javaFX,
	author = "{Oracle}",
	title = {{JavaFX}},
	howpublished = {\url{https://openjfx.io/}}
}

@misc{mit,
	author = "{Wikipedia}",
	title = {{MIT Licence}},
	howpublished = {\url{https://en.wikipedia.org/wiki/MIT_License}}
}

@misc{agile,
	author = "{Agile Alliance}",
	title = {{What is Agile?}},
	howpublished = {\url{https://www.agilealliance.org/agile101/}}
}

@misc{scrum,
	author = "{Scrum.org}",
	title = {{What is Scrum?}},
	howpublished = {\url{https://www.scrum.org/resources/what-is-scrum/}}
}

@misc{coder,
	author = "{Dario Macchi}",
	title = {{Code Review: What Is It and Why Is It Important?}},
	howpublished = {\url{http://thinkapps.com/blog/development/what-is-code-review/}}
}

@misc{retro,
	author = "{Sinnaps}",
	title = {{Scrum Retrospective: Ideas and Examples}},
	howpublished = {\url{https://www.sinnaps.com/en/project-management-blog/scrum-retrospective}}
}

@misc{scrumM,
	author = "{Scrum.org}",
	title = {{What is a Scrum Master?}},
	howpublished = {\url{https://www.scrum.org/resources/what-is-a-scrum-master}}
}

@misc{unit,
	author = "{Guru99}",
	title = {{Unit Testing Tutorial: What is, Types, Tools & Test EXAMPLE}},
	howpublished = {\url{https://www.guru99.com/unit-testing-guide.html}}
}

@misc{uitest,
	author = "{Testim}",
	title = {{UI Testing: A Beginnerâ€™s Guide With Checklist and Examples}},
	howpublished = {\url{https://www.testim.io/blog/ui-testing-beginners-guide/}}
}

@misc{runner,
	author = "{GitLab}",
	title = {{GitLab Runner}},
	howpublished = {\url{https://docs.gitlab.com/runner/}}
}

@misc{pipe,
	author = "{Plutora}",
	title = {{Understanding the CI/CD Pipeline: What It Is, Why It Matters}},
	howpublished = {\url{https://www.plutora.com/blog/understanding-ci-cd-pipeline}}
}

@misc{manage,
	author = "{tutorialspoint}",
	title = {{Software Project Management}},
	howpublished = {\url{https://www.tutorialspoint.com/software_engineering/software_project_management.htm}}
}

@misc{psd,
	author = "{University of Glasgow}",
	title = {{Professional Software Development (H) COMPSCI4015}},
	howpublished = {\url{https://www.gla.ac.uk/coursecatalogue/course/?code=COMPSCI4015}}
}